@misc{Encoder_diffusion,
  doi = {10.48550/ARXIV.2402.13144},
  url = {https://arxiv.org/abs/2402.13144},
  author = {Wang,  Kai and Tang,  Dongwen and Zeng,  Boya and Yin,  Yida and Xu,  Zhaopan and Zhou,  Yukun and Zang,  Zelin and Darrell,  Trevor and Liu,  Zhuang and You,  Yang},
  keywords = {Machine Learning (cs.LG),  Computer Vision and Pattern Recognition (cs.CV),  FOS: Computer and information sciences,  FOS: Computer and information sciences},
  title = {Neural Network Diffusion},
  publisher = {arXiv},
  year = {2024},
  copyright = {arXiv.org perpetual,  non-exclusive license}
}

@misc{NAS,
  doi = {10.48550/ARXIV.2403.02484},
  url = {https://arxiv.org/abs/2403.02484},
  author = {Akhauri,  Yash and Abdelfattah,  Mohamed S.},
  keywords = {Machine Learning (cs.LG),  Artificial Intelligence (cs.AI),  Computer Vision and Pattern Recognition (cs.CV),  Neural and Evolutionary Computing (cs.NE),  FOS: Computer and information sciences,  FOS: Computer and information sciences},
  title = {Encodings for Prediction-based Neural Architecture Search},
  publisher = {arXiv},
  year = {2024},
  copyright = {arXiv.org perpetual,  non-exclusive license}
}

@misc{TANS,
  doi = {10.48550/ARXIV.2103.01495},
  url = {https://arxiv.org/abs/2103.01495},
  author = {Jeong,  Wonyong and Lee,  Hayeon and Park,  Gun and Hyung,  Eunyoung and Baek,  Jinheon and Hwang,  Sung Ju},
  keywords = {Machine Learning (cs.LG),  FOS: Computer and information sciences,  FOS: Computer and information sciences},
  title = {Task-Adaptive Neural Network Search with Meta-Contrastive Learning},
  publisher = {arXiv},
  year = {2021},
  copyright = {arXiv.org perpetual,  non-exclusive license}
}

@misc{SANE,
  doi = {10.48550/ARXIV.2406.09997},
  url = {https://arxiv.org/abs/2406.09997},
  author = {Sch\"{u}rholt,  Konstantin and Mahoney,  Michael W. and Borth,  Damian},
  keywords = {Machine Learning (cs.LG),  FOS: Computer and information sciences,  FOS: Computer and information sciences},
  title = {Towards Scalable and Versatile Weight Space Learning},
  publisher = {arXiv},
  year = {2024},
  copyright = {Creative Commons Attribution 4.0 International}
}

@misc{Singular,
  doi = {10.48550/ARXIV.1810.01075},
  url = {https://arxiv.org/abs/1810.01075},
  author = {Martin,  Charles H. and Mahoney,  Michael W.},
  keywords = {Machine Learning (cs.LG),  Machine Learning (stat.ML),  FOS: Computer and information sciences,  FOS: Computer and information sciences},
  title = {Implicit Self-Regularization in Deep Neural Networks: Evidence from Random Matrix Theory and Implications for Learning},
  publisher = {arXiv},
  year = {2018},
  copyright = {arXiv.org perpetual,  non-exclusive license}
}
